@misc{EthernetII,
  title = {{IEEE SA - IEEE Standard for Ethernet}},
  howpublished = "\url{https://standards.ieee.org/ieee/802.3/7071/}",
  year = {2018}, 
  note = "[Online; acessado em 24-Abr-2022]"
}

@misc{protoc,
  title = {{Protocol Buffer Compiler}},
  howpublished = "\url{https://grpc.io/docs/protoc-installation/}",
  year = {2021}, 
  note = "[Online; acessado em 24-Abr-2022]"
}

@misc{protobuf,
  title = {{Protocol Buffers - Google's data interchange format}},
  howpublished = "\url{https://github.com/protocolbuffers/protobuf}",
  note = "[Online; acessado em 24-Abr-2022]"
}

@misc{betterproto,
  title = {{Better Protobuf / gRPC Support for Python}},
  howpublished = "\url{https://github.com/danielgtaylor/python-betterproto}",
  note = "[Online; acessado em 24-Abr-2022]"
}

@misc{py310,
  title = {{Python 3.10.0}},
  howpublished = "\url{https://www.python.org/downloads/release/python-3100/}",
  note = "[Online; acessado em 24-Abr-2022]"
}

@misc{grpc,
  title = {{gRPC}},
  howpublished = "\url{https://grpc.io/}",
  note = "[Online; acessado em 24-Abr-2022]"
}

@misc{core_emu,
  title = {{Common Open Research Emulator}},
  howpublished = "\url{https://github.com/coreemu/core}",
  note = "[Online; acessado em 24-Abr-2022]"
}

@misc{osi_model,
  title = {{ISO/IEC 7498-1:1994, OSI Model}},
  howpublished = "\url{https://www.iso.org/standard/20269.html}",
  note = "[Online; acessado em 24-Abr-2022]"
}

@misc{wireshark,
  title = {{Wireshark}},
  howpublished = "\url{https://www.wireshark.org/}",
  note = "[Online; acessado em 24-Abr-2022]"
}